@book{xie06,
   author = {谢处方 and 饶克谨},
   year = {2006},
   title = {电磁场与电磁波},
   publisher = {高等教育出版社},
   address = {北京},
   pages = {192-193, 200-201}
}

@book{bhag2006,
    author = {Bhag Singh Guru and Huseyin R. Hiziroglu},
    title = {Electromagnetic Field Theory Fundamentals},
    translator = {周克定},
    edition = {2},
    address = {北京},
    publisher = {机械工业出版社},
    year = {2006},
    pages = {234-236, 252-253}
}

@book{atef2012,
    author = {Atef Z. Elsherbeni and Veysel Demir},
    title = {The Finite Difference Time Domain Method for Electromagnetics With MATLAB Simulations},
    translator = {喻志远},
    address = {北京},
    publisher = {国防工业出版社},
    year = {2012}
}

@book{cheng2013,
    author = {David K. Cheng},
    title = {Field and Wave: Electromagnetics},
    translator = {何亚军 and 桂良启},
    address = {北京},
    publisher = {清华大学出版社},
    year = {2013}
}
